@article{einstein,
    author =       "Albert Einstein",
    title =        "{Zur Elektrodynamik bewegter K{\"o}rper}. ({German})
        [{On} the electrodynamics of moving bodies]",
    journal =      "Annalen der Physik",
    volume =       "322",
    number =       "10",
    pages =        "891--921",
    year =         "1905",
    DOI =          "http://dx.doi.org/10.1002/andp.19053221004"
}
 
@book{latexcompanion,
    author    = "Michel Goossens and Frank Mittelbach and Alexander Samarin",
    title     = "The \LaTeX\ Companion",
    year      = "1993",
    publisher = "Addison-Wesley",
    address   = "Reading, Massachusetts"
}

@book{poole1998,
  title={Computational intelligence},
  author={Poole, David I and Goebel, Randy G and Mackworth, Alan K},
  year={1998},
  publisher={Oxford University Press New York}
}

@book{rosebrock2017deep,
  title={Deep Learning for Computer Vision with Python: Starter Bundle},
  author={Rosebrock, Adrian},
  year={2017},
  publisher={PyImageSearch}
}

@book{rashid2016make,
  title={Make your own neural network},
  author={Rashid, Tariq},
  year={2016},
  publisher={CreateSpace Independent Publishing Platform}
}

@book{russell2016artificial,
  title={Artificial intelligence: a modern approach},
  author={Russell, Stuart J and Norvig, Peter},
  year={2016},
  publisher={Malaysia; Pearson Education Limited,}
}

@book{bishop2006pattern,
  title={Pattern recognition and machine learning},
  author={Bishop, Christopher M},
  year={2006},
  publisher={springer}
}

@misc{advancedmachinelearningprocess, url={https://origin-symwisedownload.symantec.com/resources/webguides/contentanalysis/24/Content/Topics/Concepts/aml_process.htm}, journal={Advanced Machine Learning Process}}

@misc{quora, title={What are the key trade-offs between overfitting and underfitting?}, url={https://www.quora.com/What-are-the-key-trade-offs-between-overfitting-and-underfitting}, journal={Quora}}

@misc{sgd, title={Demystifying Gradient Descent and Backpropagation via Logistic Regression based Image...}, url={https://www.freecodecamp.org/news/demystifying-gradient-descent-and-backpropagation-via-logistic-regression-based-image-classification-9b5526c2ed46/}, journal={freeCodeCamp.org}, publisher={freeCodeCamp.org}, author={freeCodeCamp.org}, year={2018}, month={Jul}}